@article{germanium_structure,
  title = {Nonorthogonal tight-binding model for germanium},
  author = {Bernstein, N. and Mehl, M. J. and Papaconstantopoulos, D. A.},
  journal = {Phys. Rev. B},
  volume = {66},
  issue = {7},
  pages = {075212},
  numpages = {12},
  year = {2002},
  month = {Aug},
  publisher = {American Physical Society},
  doi = {10.1103/PhysRevB.66.075212},
  url = {http://link.aps.org/doi/10.1103/PhysRevB.66.075212}
},

@manual{lab_manual,
  title = "Relativistic Dispersion Relation for the Free Electron",
  author = "David McCowan",
	organization	= "The University of Chicago Advanced Undergraduate Laboratory",
  month = "April",
	year = "2016"
}
