@manual{lab_manual,
  title = "Hall Effect in Semiconductors",
  author = "David McCowan",
	organization	= "The University of Chicago Advanced Undergraduate Laboratory",
  month = "April",
	year = "2016"
}

@article{classical_hall,
 ISSN = {00029327, 10806377},
 URL = {http://www.jstor.org/stable/2369245},
 author = {E. H. Hall},
 journal = {American Journal of Mathematics},
 number = {3},
 pages = {287-292},
 publisher = {Johns Hopkins University Press},
 title = {On a New Action of the Magnet on Electric Currents},
 volume = {2},
 year = {1879}
}

@book{landau,
  author = {Landau, L. D.; and Lifschitz, E. M.},
  title = {Quantum Mechanics: Non-relativistic Theory. Course of Theoretical Physics. Vol. 3},
  publisher = {Pergamon Press},
  year = 1977,
  volume = 3,
  address = {London},
  ISBN = {0750635398}
}

@article{Von_Klitzing,
  title = {New Method for High-Accuracy Determination of the Fine-Structure Constant Based on Quantized Hall Resistance},
  author = {Klitzing, K. v. and Dorda, G. and Pepper, M.},
  journal = {Phys. Rev. Lett.},
  volume = {45},
  issue = {6},
  pages = {494--497},
  numpages = {0},
  year = {1980},
  month = {Aug},
  publisher = {American Physical Society},
  doi = {10.1103/PhysRevLett.45.494},
  url = {http://link.aps.org/doi/10.1103/PhysRevLett.45.494}
}

@ARTICLE{stormer_tsui,
   author = {{Stormer}, H.~L. and {Tsui}, D.~C.},
    title = "{The quantized Hall effect}",
  journal = {Science},
 keywords = {Carrier Density (Solid State), Gallium Arsenides, Hall Effect, Heterojunction Devices, Quantum Mechanics, Aluminum Gallium Arsenides, Density Measurement, Electrical Measurement, Electron Gas, Electron Scattering, Low Temperature, Magnetic Fields},
     year = 1983,
    month = jun,
   volume = 220,
    pages = {1241-1246},
      doi = {10.1126/science.220.4603.1241},
   adsurl = {http://adsabs.harvard.edu/abs/1983Sci...220.1241S},
  adsnote = {Provided by the SAO/NASA Astrophysics Data System}
}
